@article{imo_history,
    title={The International Mathematical Olympiad: A Brief History},
    author={Engel, Arthur},
    journal={Mathematical Intelligencer},
    volume={20},
    number={2},
    pages={22--30},
    year={1998},
    publisher={Springer}
}

@book{andreescu2006mathematical,
    title={Mathematical Olympiad Challenges},
    author={Andreescu, Titu and Gelca, Razvan},
    year={2006},
    publisher={Birkhäuser Boston}
}

@article{freudenthal1973mathematics,
    title={Mathematics as an Educational Task},
    author={Freudenthal, Hans},
    journal={Educational Studies in Mathematics},
    volume={4},
    number={4},
    pages={413--431},
    year={1973},
    publisher={Springer}
}

@book{schoenfeld1985mathematical,
    title={Mathematical Problem Solving},
    author={Schoenfeld, Alan H},
    publisher={Academic Press},
    year={1985}
}

@book{polya1945solve,
    title={How to Solve It: A New Aspect of Mathematical Method},
    author={Pólya, George},
    publisher={Princeton University Press},
    year={1945}
}

@article{asian_mathematics_education,
    title={Mathematics Education in East Asia and the West: Does Culture Matter?},
    author={Leung, Frederick KS},
    journal={Mathematics Education in Different Cultural Traditions},
    pages={21--46},
    year={2006},
    publisher={Springer}
}

@article{timss_trends,
    title={TIMSS 2019 International Results in Mathematics and Science},
    author={Mullis, Ina VS and Martin, Michael O and Foy, Pierre and others},
    journal={TIMSS \& PIRLS International Study Center},
    year={2020}
}

@article{pisa_mathematics,
    title={PISA 2018 Results: What Students Know and Can Do},
    author={OECD},
    journal={OECD Publishing},
    volume={1},
    year={2019}
}

@article{mathematics_competition_research,
    title={Mathematical Competitions and Their Educational Value},
    author={Barbeau, Edward J},
    journal={Educational Studies in Mathematics},
    volume={21},
    number={1},
    pages={73--82},
    year={1990},
    publisher={Springer}
}

@book{gelca2007putnam,
    title={Putnam and Beyond},
    author={Gelca, Razvan and Andreescu, Titu},
    year={2007},
    publisher={Springer}
}

@article{educational_data_mining,
    title={Educational Data Mining: A Review of the State of the Art},
    author={Romero, Cristóbal and Ventura, Sebastián},
    journal={IEEE Transactions on Systems, Man, and Cybernetics},
    volume={40},
    number={6},
    pages={601--618},
    year={2010},
    publisher={IEEE}
}

@article{learning_analytics,
    title={Learning Analytics: From Research to Practice},
    author={Siemens, George and Long, Philip},
    journal={Internet and Higher Education},
    volume={14},
    number={1},
    pages={3--9},
    year={2011},
    publisher={Elsevier}
}

@book{tukey1977exploratory,
    title={Exploratory Data Analysis},
    author={Tukey, John W},
    year={1977},
    publisher={Addison-Wesley}
}

@article{cleveland1984graphical,
    title={Graphical Methods for Data Presentation: Full Scale Breaks, Dot Charts, and Multibased Logging},
    author={Cleveland, William S},
    journal={The American Statistician},
    volume={38},
    number={4},
    pages={270--280},
    year={1984},
    publisher={Taylor \& Francis}
}

@book{wilkinson2005grammar,
    title={The Grammar of Graphics},
    author={Wilkinson, Leland},
    year={2005},
    publisher={Springer Science \& Business Media}
}

@article{wickham2010layered,
    title={A Layered Grammar of Graphics},
    author={Wickham, Hadley},
    journal={Journal of Computational and Graphical Statistics},
    volume={19},
    number={1},
    pages={3--28},
    year={2010},
    publisher={Taylor \& Francis}
}

@misc{tidytuesday_imo,
    title={TidyTuesday: International Mathematical Olympiad Dataset},
    author={Mock, Thomas},
    howpublished={\url{https://github.com/rfordatascience/tidytuesday}},
    year={2024},
    note={Week 38: International Mathematical Olympiad}
}

@article{mathematics_talent_development,
    title={Mathematical Talent Development and Gifted Education},
    author={Sheffield, Linda Jensen},
    journal={Handbook of Giftedness in Children},
    pages={343--365},
    year={2009},
    publisher={Springer}
}

@article{cross_cultural_mathematics,
    title={Cross-Cultural Studies of Mathematics Teaching and Learning},
    author={Stigler, James W and Hiebert, James},
    journal={Handbook of Research on Mathematics Teaching and Learning},
    pages={541--549},
    year={1992},
    publisher={Macmillan}
}

@article{problem_solving_strategies,
    title={Problem Solving Strategies in Mathematics Competitions},
    author={Loh, Po-Shen and Andreescu, Titu},
    journal={Mathematical Association of America},
    year={2011}
}

@book{rosen2019handbook,
    title={Handbook of Discrete and Combinatorial Mathematics},
    author={Rosen, Kenneth H and Michaels, John G and Gross, Jonathan L and others},
    year={2019},
    publisher={CRC Press}
}

@article{gender_mathematics_performance,
    title={Gender Differences in Mathematics Performance: A Meta-Analysis},
    author={Hyde, Janet S and Fennema, Elizabeth and Lamon, Susan J},
    journal={Psychological Bulletin},
    volume={107},
    number={2},
    pages={139--155},
    year={1990},
    publisher={American Psychological Association}
}

@article{international_assessment_mathematics,
    title={International Assessment of Educational Progress in Mathematics},
    author={Lapointe, Archie E and Mead, Nancy A and Askew, Janice M},
    journal={Educational Testing Service},
    year={1992}
}

@book{ma1999knowing,
    title={Knowing and Teaching Elementary Mathematics},
    author={Ma, Liping},
    year={1999},
    publisher={Lawrence Erlbaum Associates}
}

@article{mathematical_olympiad_training,
    title={Training for Mathematical Olympiads: Methods and Results},
    author={Kenderov, Petar S},
    journal={Mathematics Competitions},
    volume={18},
    number={1},
    pages={9--26},
    year={2005}
}

@article{competition_mathematics_education,
    title={The Role of Mathematical Competitions in Education},
    author={Taylor, Peter J},
    journal={Australian Mathematics Teacher},
    volume={57},
    number={4},
    pages={2--8},
    year={2001}
}

@misc{imo_official,
    title={International Mathematical Olympiad Official Website},
    howpublished={\url{https://www.imo-official.org/}},
    year={2024},
    note={Official records and statistics of IMO competitions}
}

@article{harris2020array,
    title={Array Programming with NumPy},
    author={Harris, Charles R and Millman, K Jarrod and van der Walt, St{\'e}fan J and others},
    journal={Nature},
    volume={585},
    number={7825},
    pages={357--362},
    year={2020},
    publisher={Nature Publishing Group}
}

@inproceedings{mckinney2010data,
    title={Data Structures for Statistical Computing in Python},
    author={McKinney, Wes},
    booktitle={Proceedings of the 9th Python in Science Conference},
    pages={56--61},
    year={2010},
    organization={SciPy}
}

@article{hunter2007matplotlib,
    title={Matplotlib: A 2D Graphics Environment},
    author={Hunter, John D},
    journal={Computing in Science \& Engineering},
    volume={9},
    number={3},
    pages={90--95},
    year={2007},
    publisher={IEEE Computer Society}
}

@article{waskom2021seaborn,
    title={Seaborn: Statistical Data Visualization},
    author={Waskom, Michael L},
    journal={Journal of Open Source Software},
    volume={6},
    number={60},
    pages={3021},
    year={2021}
}

@article{pedregosa2011scikit,
    title={Scikit-learn: Machine Learning in Python},
    author={Pedregosa, Fabian and Varoquaux, Ga{\"e}l and Gramfort, Alexandre and others},
    journal={Journal of Machine Learning Research},
    volume={12},
    pages={2825--2830},
    year={2011}
}

@misc{jupyter2024,
    title={Jupyter Notebook: Interactive Computing Environment},
    howpublished={\url{https://jupyter.org/}},
    year={2024}
}

@inproceedings{kluyver2016jupyter,
    title={Jupyter Notebooks—A Publishing Format for Reproducible Computational Workflows},
    author={Kluyver, Thomas and Ragan-Kelley, Benjamin and P{\'e}rez, Fernando and others},
    booktitle={Positioning and Power in Academic Publishing: Players, Agents and Agendas},
    pages={87--90},
    year={2016},
    publisher={IOS Press}
}

@book{vanderplas2016python,
    title={Python Data Science Handbook: Essential Tools for Working with Data},
    author={VanderPlas, Jake},
    year={2016},
    publisher={O'Reilly Media}
}

@article{statistical_graphics,
    title={Statistical Graphics: Mapping the Pathways of Science},
    author={Friendly, Michael},
    journal={Annual Review of Psychology},
    volume={59},
    pages={61--81},
    year={2008},
    publisher={Annual Reviews}
}

@book{few2009now,
    title={Now You See It: Simple Visualization Techniques for Quantitative Analysis},
    author={Few, Stephen},
    year={2009},
    publisher={Analytics Press}
}

@article{mathematics_education_research,
    title={Research in Mathematics Education},
    author={Kilpatrick, Jeremy},
    journal={Journal for Research in Mathematics Education},
    volume={23},
    number={4},
    pages={316--339},
    year={1992},
    publisher={National Council of Teachers of Mathematics}
}

@article{international_comparative_education,
    title={International Comparative Studies in Mathematics Education},
    author={Robitaille, David F and Garden, Robert A},
    journal={Educational Studies in Mathematics},
    volume={20},
    number={4},
    pages={491--506},
    year={1989},
    publisher={Springer}
}

@book{coxeter1961introduction,
    title={Introduction to Geometry},
    author={Coxeter, Harold Scott MacDonald},
    year={1961},
    publisher={John Wiley \& Sons}
}

@article{mathematical_problem_solving,
    title={Mathematical Problem Solving: Issues in Research},
    author={Silver, Edward A},
    journal={Journal for Research in Mathematics Education},
    volume={13},
    number={1},
    pages={3--14},
    year={1982},
    publisher={National Council of Teachers of Mathematics}
}

@article{gifted_mathematics_education,
    title={Gifted Education in Mathematics},
    author={Sriraman, Bharath},
    journal={The Mathematics Enthusiast},
    volume={1},
    number={1},
    pages={1--15},
    year={2004}
}

@misc{python_official,
    title={Python Programming Language},
    howpublished={\url{https://www.python.org/}},
    year={2024}
}

@misc{git_official,
    title={Git: Distributed Version Control System},
    howpublished={\url{https://git-scm.com/}},
    year={2024}
} 